<?xml version="1.0" encoding="UTF-8"?>
  <record xmlns="http://www.loc.gov/MARC21/slim" type="Authority">
    <leader>00000nz  a2200000nc 4500</leader>
    <controlfield tag="001">130808474</controlfield>
    <controlfield tag="003">DE-101</controlfield>
    <controlfield tag="005">20080406034249.0</controlfield>
    <controlfield tag="008">060112n||aznnnaabn           | aaa    |c</controlfield>
    <datafield tag="024" ind1="7" ind2=" ">
      <subfield code="a">130808474</subfield>
      <subfield code="0">http://d-nb.info/gnd/130808474</subfield>
      <subfield code="2">gnd</subfield>
    </datafield>
    <datafield tag="035" ind1=" " ind2=" ">
      <subfield code="a">(DE-101)130808474</subfield>
    </datafield>
    <datafield tag="035" ind1=" " ind2=" ">
      <subfield code="a">(DE-588)130808474</subfield>
    </datafield>
    <datafield tag="035" ind1=" " ind2=" ">
      <subfield code="z">(DE-588a)130808474</subfield>
      <subfield code="9">v:zg</subfield>
    </datafield>
    <datafield tag="040" ind1=" " ind2=" ">
      <subfield code="a">DE-12</subfield>
      <subfield code="c">DE-12</subfield>
      <subfield code="9">r:DE-12</subfield>
      <subfield code="b">ger</subfield>
      <subfield code="d">0012</subfield>
    </datafield>
    <datafield tag="042" ind1=" " ind2=" ">
      <subfield code="a">gnd1</subfield>
    </datafield>
    <datafield tag="075" ind1=" " ind2=" ">
      <subfield code="b">p</subfield>
      <subfield code="2">gndgen</subfield>
    </datafield>
    <datafield tag="075" ind1=" " ind2=" ">
      <subfield code="b">piz</subfield>
      <subfield code="2">gndspec</subfield>
    </datafield>
    <datafield tag="079" ind1=" " ind2=" ">
      <subfield code="a">g</subfield>
      <subfield code="q">a</subfield>
      <subfield code="q">f</subfield>
    </datafield>
    <datafield tag="100" ind1="1" ind2=" ">
      <subfield code="a">Wenzki, Anna Elisabeth &#152;von&#156;</subfield>
      <subfield code="d">-1678</subfield>
    </datafield>
    <datafield tag="400" ind1="1" ind2=" ">
      <subfield code="a">Wentzki, Anna Elisabeth &#152;von&#156;</subfield>
      <subfield code="d">-1678</subfield>
    </datafield>
    <datafield tag="400" ind1="1" ind2=" ">
      <subfield code="a">Borwitz, Anne Elisabth &#152;von&#156;</subfield>
      <subfield code="d">-1678</subfield>
      <subfield code="4">nafr</subfield>
      <subfield code="4">https://d-nb.info/standards/elementset/gnd#EarlierNameOfThePerson</subfield>
      <subfield code="w">r</subfield>
      <subfield code="i">Frueherer Name</subfield>
      <subfield code="e">Frueherer Name</subfield>
    </datafield>
    <datafield tag="400" ind1="1" ind2=" ">
      <subfield code="a">Wentzki und Petersheide, Anna Elisabeth &#152;von&#156;</subfield>
      <subfield code="d">-1678</subfield>
    </datafield>
    <datafield tag="400" ind1="1" ind2=" ">
      <subfield code="a">Petersheide, Anna Elisabeth von Wentzki &#152;und&#156;</subfield>
      <subfield code="d">-1678</subfield>
    </datafield>
    <datafield tag="400" ind1="1" ind2=" ">
      <subfield code="a">Wentzkin, Anna Elisabeth</subfield>
      <subfield code="d">-1678</subfield>
    </datafield>
    <datafield tag="400" ind1="1" ind2=" ">
      <subfield code="a">Wentzki, Anna Elisabeth</subfield>
      <subfield code="d">-1678</subfield>
    </datafield>
    <datafield tag="400" ind1="1" ind2=" ">
      <subfield code="a">Wentzke, Anna Elisabeth &#152;von&#156;</subfield>
      <subfield code="d">-1678</subfield>
    </datafield>
    <datafield tag="400" ind1="1" ind2=" ">
      <subfield code="a">Wentzky, Anna Elisabeth &#152;von&#156;</subfield>
      <subfield code="d">-1678</subfield>
    </datafield>
    <datafield tag="400" ind1="1" ind2=" ">
      <subfield code="a">Wentzky und Petersheyda, Anna Elisabeth &#152;von&#156;</subfield>
      <subfield code="d">-1678</subfield>
    </datafield>
    <datafield tag="400" ind1="1" ind2=" ">
      <subfield code="a">Wentzky und Petersheyde, Anna Elisabeth &#152;von&#156;</subfield>
      <subfield code="d">-1678</subfield>
    </datafield>
    <datafield tag="548" ind1=" " ind2=" ">
      <subfield code="a">-1678</subfield>
      <subfield code="4">datl</subfield>
      <subfield code="4">https://d-nb.info/standards/elementset/gnd#dateOfDeath</subfield>
      <subfield code="w">r</subfield>
      <subfield code="i">Lebensdaten</subfield>
    </datafield>
    <datafield tag="667" ind1=" " ind2=" ">
      <subfield code="a">12</subfield>
    </datafield>
    <datafield tag="667" ind1=" " ind2=" ">
      <subfield code="a">Ansetzung analog dem Ehemann (IDN 124446388)</subfield>
    </datafield>
    <datafield tag="670" ind1=" " ind2=" ">
      <subfield code="a">Vorlage: An[n]a Elisabeth Wentzkin</subfield>
    </datafield>
    <datafield tag="672" ind1=" " ind2="0">
      <subfield code="a">Borwitz, David Christian von: Verneuerte Klage Welche Als Die Hoch Wohl Edelgebohrne Hoch Tugend-belobte Frau, Fr. An[n]a Elisabeth Wentzkin gebohrne von Borwitz, Des Weiland Hoch Wohl Edelgebohrnen, Gestrengen Herrn, Hn. Hans George von Wentzki und Petersheide ... Hinterlassene Frau Wittib Seiner Hoch-geehrtesten Frau Vetterin, Den 23. Aug. 1678. in dero Hoch- Adl. Hause Krippitz seelig verschieden ... - [1678]</subfield>
    </datafield>
    <datafield tag="675" ind1=" " ind2=" ">
      <subfield code="a">DbA;LCAuth</subfield>
    </datafield>
    <datafield tag="678" ind1=" " ind2=" ">
      <subfield code="b">Ehefrau von Hans Georg von Wenzki (gest. 1676)</subfield>
    </datafield>
    <datafield tag="913" ind1=" " ind2=" ">
      <subfield code="S">pnd</subfield>
      <subfield code="i">a</subfield>
      <subfield code="a">Wenzki, Anna Elisabeth /von</subfield>
      <subfield code="0">(DE-588a)130808474</subfield>
    </datafield>
  </record>
